% 37689762 
@Article{pmid37689762,
   Author="Ortega, R.  and Wulff, E.  and Fortuna, M. A. ",
   Title="{{O}ntology for the {A}vida digital evolution platform}",
   Journal="Sci Data",
   Year="2023",
   Volume="10",
   Number="1",
   Pages="608",
   Month="Sep"
}

% 15107231 
@Article{pmid15107231,
   Author="Ofria, C.  and Wilke, C. O. ",
   Title="{{A}vida: a software platform for research in computational evolutionary biology}",
   Journal="Artif Life",
   Year="2004",
   Volume="10",
   Number="2",
   Pages="191--229"
}